% Encoding: UTF-8

@Misc{Pygame,
 title = {[Электронный ресурс] Pygame},
 url = {https://www.pygame.org/wiki/about},
 urldate = {2020-10-11}
}

@Misc{Tkinter,
 title = {[Электронный ресурс] Tkinter},
 url = {https://docs.python.org/3/library/tkinter.html},
 urldate = {2020-12-08}
}

@Misc{Pycharm,
 title = {[Электронный ресурс] Pycharm},
 url = {https://www.jetbrains.com/ru-ru/pycharm/},
 urldate = {2020-10-23}
}

@Comment{jabref-meta: databaseType:biblatex;}
